<record><leader>00000cas a22000007a 4500</leader><controlfield tag="001">22143802</controlfield><controlfield tag="008">900725d19051984mouwr ne      0    0eng d</controlfield><controlfield tag="009">9538</controlfield><datafield ind1=" " ind2=" " tag="010"><subfield code="a">sn 90073014 </subfield></datafield><datafield ind1=" " ind2=" " tag="040"><subfield code="a">MQN</subfield><subfield code="b">eng</subfield><subfield code="c">MQN</subfield><subfield code="d">OCLCQ</subfield></datafield><datafield ind1=" " ind2=" " tag="042"><subfield code="a">msc</subfield></datafield><datafield ind1="0" ind2="4" tag="245"><subfield code="a">The Washington citizen.</subfield></datafield><datafield ind1=" " ind2=" " tag="260"><subfield code="a">Washington, Franklin County, Mo. :</subfield><subfield code="b">Rusche &amp; Krumsick,</subfield><subfield code="c">1905-1984.</subfield></datafield><datafield ind1=" " ind2=" " tag="300"><subfield code="a">v.</subfield></datafield><datafield ind1=" " ind2=" " tag="310"><subfield code="a">Weekly</subfield></datafield><datafield ind1="0" ind2=" " tag="362"><subfield code="a">Vol. 1, no. 1 (Aug. 25, 1905)-v. 81, no. 18 (Aug. 25-26, 1984).</subfield></datafield><datafield ind1=" " ind2=" " tag="752"><subfield code="a">United States</subfield><subfield code="b">Missouri</subfield><subfield code="c">Franklin</subfield><subfield code="d">Washington.</subfield></datafield><datafield ind1="0" ind2="4" tag="785"><subfield code="t">Washington Missourian</subfield><subfield code="w">(DLC)sn 84001332</subfield></datafield></record>